
@incollection{NIPS2001_2070,
title = {Latent Dirichlet Allocation},
author = {David M. Blei and Andrew Y. Ng and Michael I. Jordan},
booktitle = {Advances in Neural Information Processing Systems 14},
editor = {T. G. Dietterich and S. Becker and Z. Ghahramani},
pages = {601--608},
year = {2002},
publisher = {MIT Press},
url = {http://papers.nips.cc/paper/2070-latent-dirichlet-allocation.pdf}
}

@article{DBLP:journals/corr/Moody16,
  author    = {Christopher E. Moody},
  title     = {Mixing Dirichlet Topic Models and Word Embeddings to Make lda2vec},
  journal   = {CoRR},
  volume    = {abs/1605.02019},
  year      = {2016},
  url       = {http://arxiv.org/abs/1605.02019},
  archivePrefix = {arXiv},
  eprint    = {1605.02019},
  timestamp = {Mon, 13 Aug 2018 16:45:56 +0200},
  biburl    = {https://dblp.org/rec/journals/corr/Moody16.bib},
  bibsource = {dblp computer science bibliography, https://dblp.org}
}

