@book{bishop2007,
  added-at = {2009-06-02T09:46:22.000+0200},
  asin = {0387310738},
  author = {Bishop, Christopher M.},
  biburl = {https://www.bibsonomy.org/bibtex/2d21de30a3a67c0f9f3c96bd6eec3267a/midtiby},
  description = {Amazon.com: Pattern Recognition and Machine Learning (Information Science and Statistics): Christopher M. Bishop: Books},
  dewey = {006.4},
  ean = {9780387310732},
  edition = 1,
  interhash = {f6fec2ccd82dec0dcd63825e301662cf},
  intrahash = {d21de30a3a67c0f9f3c96bd6eec3267a},
  isbn = {0387310738},
  keywords = {algorithms machinelearning patternrecognition statistics},
  publisher = {Springer},
  timestamp = {2009-06-02T15:22:29.000+0200},
  title = {Pattern Recognition and Machine Learning (Information Science and Statistics)},
  url = {http://www.amazon.com/Pattern-Recognition-Learning-Information-Statistics/dp/0387310738%3FSubscriptionId%3D13CT5CVB80YFWJEPWS02%26tag%3Dws%26linkCode%3Dxm2%26camp%3D2025%26creative%3D165953%26creativeASIN%3D0387310738},
  year = 2007
}
