@book{bishop2007,
  added-at = {2009-06-02T09:46:22.000+0200},
  asin = {0387310738},
  author = {Bishop, Christopher M.},
  biburl = {https://www.bibsonomy.org/bibtex/2d21de30a3a67c0f9f3c96bd6eec3267a/midtiby},
  description = {Amazon.com: Pattern Recognition and Machine Learning (Information Science and Statistics): Christopher M. Bishop: Books},
  dewey = {006.4},
  ean = {9780387310732},
  edition = 1,
  interhash = {f6fec2ccd82dec0dcd63825e301662cf},
  intrahash = {d21de30a3a67c0f9f3c96bd6eec3267a},
  isbn = {0387310738},
  keywords = {algorithms machinelearning patternrecognition statistics},
  publisher = {Springer},
  timestamp = {2009-06-02T15:22:29.000+0200},
  title = {Pattern Recognition and Machine Learning (Information Science and Statistics)},
  url = {http://www.amazon.com/Pattern-Recognition-Learning-Information-Statistics/dp/0387310738%3FSubscriptionId%3D13CT5CVB80YFWJEPWS02%26tag%3Dws%26linkCode%3Dxm2%26camp%3D2025%26creative%3D165953%26creativeASIN%3D0387310738},
  year = 2007
}

@book{prince_2012,
place={Cambridge}, title={Computer Vision: Models, Learning, and Inference}, DOI={10.1017/CBO9780511996504}, publisher={Cambridge University Press}, author={Prince, Simon J. D.}, year={2012}
}

@book{Barber2011,
  added-at = {2013-12-17T10:03:00.000+0100},
  author = {Barber, David},
  biburl = {https://www.bibsonomy.org/bibtex/29366fb4bad226513333a230edd170cfb/jullybobble},
  booktitle = {Mach. Learn.},
  interhash = {ad2654b2f528b6b57894570a9ab8069a},
  intrahash = {9366fb4bad226513333a230edd170cfb},
  keywords = {imported phd},
  publisher = {Cambridge University Press},
  timestamp = {2014-07-27T15:43:19.000+0200},
  title = {{Bayesian Reasoning and Machine Learning}},
  year = 2011
}

@misc{Blei1,
  title = {Variational Inference},
  author = {David M. Blei},
  howpublished = {https://www.cs.princeton.edu/courses/archive/fall11/cos597C/lectures/variational-inference-i.pdf},
  note = {Accessed: 2020-03-30}
}


@misc{Honkela,
  title = {Introduction to Expectation Propagation ; Helsinki University of Technology, Espoo, Finland},
  author = {Antti Honkela},
  howpublished = {http://www.cis.hut.fi/ahonkela/},
  note = {Accessed: 2020-03-30}
}


@misc{Barthelme,
  title = {Youtube: The Expectation-Propagation algorithm: a tutorial - Part1},
  author = {Simon Barthelm\'{e}},
  howpublished = {https://youtu.be/0tomU1q3AdY},
  note = {Accessed: 2020-03-30}
}


@misc{moments_gaussian_mixture,
  title = {Stats StackExchange : Central moments of a Gaussian mixture density?},
  author = {Arnab Laha},
  howpublished = {https://stats.stackexchange.com/questions/32699/central-moments-of-a-gaussian-mixture-density},
  note = {Accessed: 2020-03-30}
}


@inproceedings{minka2001, author = {Minka, Thomas P.}, title = {Expectation Propagation for Approximate Bayesian Inference}, year = {2001}, isbn = {1558608001}, publisher = {Morgan Kaufmann Publishers Inc.}, address = {San Francisco, CA, USA}, booktitle = {Proceedings of the Seventeenth Conference on Uncertainty in Artificial Intelligence}, pages = {362–369}, numpages = {8}, location = {Seattle, Washington}, series = {UAI’01} }