@book{bishop2007,
  added-at = {2009-06-02T09:46:22.000+0200},
  asin = {0387310738},
  author = {Bishop, Christopher M.},
  biburl = {https://www.bibsonomy.org/bibtex/2d21de30a3a67c0f9f3c96bd6eec3267a/midtiby},
  description = {Amazon.com: Pattern Recognition and Machine Learning (Information Science and Statistics): Christopher M. Bishop: Books},
  dewey = {006.4},
  ean = {9780387310732},
  edition = 1,
  interhash = {f6fec2ccd82dec0dcd63825e301662cf},
  intrahash = {d21de30a3a67c0f9f3c96bd6eec3267a},
  isbn = {0387310738},
  keywords = {algorithms machinelearning patternrecognition statistics},
  publisher = {Springer},
  timestamp = {2009-06-02T15:22:29.000+0200},
  title = {Pattern Recognition and Machine Learning (Information Science and Statistics)},
  url = {http://www.amazon.com/Pattern-Recognition-Learning-Information-Statistics/dp/0387310738%3FSubscriptionId%3D13CT5CVB80YFWJEPWS02%26tag%3Dws%26linkCode%3Dxm2%26camp%3D2025%26creative%3D165953%26creativeASIN%3D0387310738},
  year = 2007
}

@book{prince_2012,
place={Cambridge}, title={Computer Vision: Models, Learning, and Inference}, DOI={10.1017/CBO9780511996504}, publisher={Cambridge University Press}, author={Prince, Simon J. D.}, year={2012}
}


@book{Barber2011,
  added-at = {2013-12-17T10:03:00.000+0100},
  author = {Barber, David},
  biburl = {https://www.bibsonomy.org/bibtex/29366fb4bad226513333a230edd170cfb/jullybobble},
  booktitle = {Mach. Learn.},
  interhash = {ad2654b2f528b6b57894570a9ab8069a},
  intrahash = {9366fb4bad226513333a230edd170cfb},
  keywords = {imported phd},
  publisher = {Cambridge University Press},
  timestamp = {2014-07-27T15:43:19.000+0200},
  title = {{Bayesian Reasoning and Machine Learning}},
  year = 2011
}





@article{intro_mcmc,
	Abstract = {This purpose of this introductory paper is threefold. First, it introduces the Monte Carlo method with emphasis on probabilistic machine learning. Second, it reviews the main building blocks of modern Markov chain Monte Carlo simulation, thereby providing and introduction to the remaining papers of this special issue. Lastly, it discusses new interesting research horizons.},
	Author = {Andrieu, Christophe and de Freitas, Nando and Doucet, Arnaud and Jordan, Michael I.},
	Da = {2003/01/01},
	Date-Added = {2020-04-12 08:18:34 +0200},
	Date-Modified = {2020-04-12 08:18:34 +0200},
	Doi = {10.1023/A:1020281327116},
	Id = {Andrieu2003},
	Isbn = {1573-0565},
	Journal = {Machine Learning},
	Number = {1},
	Pages = {5--43},
	Title = {An Introduction to MCMC for Machine Learning},
	Ty = {JOUR},
	Url = {https://doi.org/10.1023/A:1020281327116},
	Volume = {50},
	Year = {2003},
	Bdsk-Url-1 = {https://doi.org/10.1023/A:1020281327116}}

@misc{ergodic_mc,
  title = {Course Notes Ergodic Markov Chains 8/14/2006},
  author = {Dartmouth University},
  howpublished = {https://math.dartmouth.edu/archive/m20x06/public_html/Lecture15.pdf},
  note = {Accessed: 2020-03-30}
}

@misc{generate_normal_dist,
  title = {Generation of normally distributed random numbers from two categories with different priors},
  author = {Jonghoon Jin},
  howpublished = {https://www.projectrhea.org/rhea/index.php/Generation_of_N-dimensional_normally_distributed_random_numbers_from_two_categories_with_different_priors},
  note = {Accessed: 2020-03-30}
}


@misc{daft,
  title = {Daft : Beautifully Rendered Probabilistic Graphical Models},
  author = {David S. Fulford and Dan Foreman-Mackey and David W. Hogg},
  howpublished = {https://docs.daft-pgm.org/en/latest},
  note = {Accessed: 2020-03-30}
}


@article{mcmc_hastings,
	Abstract = {},
	Author = {W.K. Hatings},
	Da = {1970/01/01},
	Journal = {Biometrika},
	Volume = {50},
	Number = {1},
	Pages = {97--109},
	Title = {Monte Carlo sampling methods using Markov chains and their applications},
	Ty = {JOUR},
	Year = {1970}
}

@Article{BoxMull58,
  Title                    = {A Note on the Generation of Random Normal Deviates},
  Author                   = {G. E. P. Box and Mervin E. Muller},
  Journal                  = {The Annals of Mathematical Statistics},
  Year                     = {1958},
  Number                   = {2},
  Pages                    = {610--611},
  Volume                   = {29}
}


@techreport{ziggurat_1963,
     Title = {Generating a Variable from the Tail of the Normal Distribution, Mathemacital Note No. 322, DTIC accession Number AD0423993},
     Author = {George Marsaglia},
     group = {Defense Technical Information Center},
     year = {1963},
     institution = {Boeing Scientific Research Labs},
     month = {09},
}

@article{hmcmc_neal,
  added-at = {2013-11-20T16:22:16.000+0100},
  author = {Neal, Radford M.},
  biburl = {https://www.bibsonomy.org/bibtex/233fcb1d5a6d675e371170820f0b4dbcd/giacomo.fiumara},
  citeulike-article-id = {12118398},
  interhash = {f26b3ec7720399d06a5c271916a0ee92},
  intrahash = {33fcb1d5a6d675e371170820f0b4dbcd},
  journal = {Handbook of Markov Chain Monte Carlo},
  keywords = {Markov MonteCarlo},
  pages = {113--162},
  posted-at = {2013-03-06 23:35:00},
  priority = {2},
  timestamp = {2013-11-20T16:22:16.000+0100},
  title = {{MCMC} Using {Hamiltonian} Dynamics},
  volume = 54,
  year = 2010
}

@misc{hmcmc_betancourt,
    title = {A Conceptual Introduction to Hamiltonian Monte Carlo},
    author = {Betancourt, Michael},
    howpublished = {https://arxiv.org/abs/1701.02434},
    year = {2017},
    month = {01},
    note = {Accessed: 2020-03-30}
}



@book{arnold_1989,
place={Cambridge}, title={Mathematical Methods of Classical Mechanics},
publisher={Springer-Verlag}, author={Arnold, V.I.}, year={1989},
edition = 2,
}
